<record xmlns="http://www.loc.gov/MARC21/slim" xmlns:xsi="http://www.w3.org/2001/XMLSchema-instance" xsi:schemaLocation="http://www.loc.gov/MARC21/slim http://www.loc.gov/standards/marcxml/schema/MARC21slim.xsd"><leader>01497cz   2200313n  4500</leader><controlfield tag="001">oca01261737 </controlfield><controlfield tag="005">20040325103945.0</controlfield><controlfield tag="008">850215n| acannaabn          |a aaa     c</controlfield><datafield ind1=" " ind2=" " tag="010"><subfield code="a">n  84212566 </subfield></datafield><datafield ind1=" " ind2=" " tag="040"><subfield code="a">InU</subfield><subfield code="b">eng</subfield><subfield code="c">DLC</subfield><subfield code="d">DLC</subfield></datafield><datafield ind1="1" ind2=" " tag="100"><subfield code="a">Florus, Lucius Annaeus</subfield></datafield><datafield ind1="1" ind2=" " tag="400"><subfield code="a">Florus, Julius</subfield></datafield><datafield ind1="1" ind2=" " tag="400"><subfield code="a">Florus, Publius Annius</subfield></datafield><datafield ind1="1" ind2=" " tag="400"><subfield code="a">Florus, Annius</subfield></datafield><datafield ind1="1" ind2=" " tag="400"><subfield code="a">Florus, Annaeus</subfield></datafield><datafield ind1="1" ind2=" " tag="400"><subfield code="a">Florus,</subfield><subfield code="c">historian</subfield></datafield><datafield ind1="1" ind2=" " tag="400"><subfield code="a">Florus, L. Annaeus</subfield><subfield code="q">(Lucius Annaeus)</subfield></datafield><datafield ind1="1" ind2=" " tag="400"><subfield code="a">Florus, Annaeus</subfield><subfield code="q">(Publius Annaeus)</subfield></datafield><datafield ind1="1" ind2=" " tag="400"><subfield code="a">Florus, L. Anneus</subfield><subfield code="q">(Lucius Anneus)</subfield></datafield><datafield ind1="1" ind2=" " tag="400"><subfield code="a">Florus, L. Julius</subfield><subfield code="q">(Lucius Julius)</subfield></datafield><datafield ind1="1" ind2=" " tag="400"><subfield code="a">Floro</subfield></datafield><datafield ind1="1" ind2=" " tag="400"><subfield code="a">Floro, Anneo</subfield></datafield><datafield ind1=" " ind2=" " tag="670"><subfield code="a">His L. Annaei Flori Epitome rerum romanorum, 1827.</subfield></datafield><datafield ind1=" " ind2=" " tag="670"><subfield code="a">LC class schedule PA6386</subfield><subfield code="b">(Florus, Lucius Annaeus, 2d cent.; footnote: The name of the historian Florus varies in the two main manuscripts (Bambergensis: Julius Florus; Nazarianus: L. Anneus Florus). In all probability the historian is identical with the P. Annius Florus in the autobiographical introduction to the dialogue Vergilius orator an poeta; and with the poet "Florus" ("Annius Florus"))</subfield></datafield><datafield ind1=" " ind2=" " tag="670"><subfield code="a">InU/Wing STC files</subfield><subfield code="b">(usage: Florus, historian; Florus, Annaeus; Florus Publius Annius)</subfield></datafield><datafield ind1=" " ind2=" " tag="670"><subfield code="a">LC data base, 2/6/85</subfield><subfield code="b">(hdg.: Florus, Lucius Annaeus)</subfield></datafield><datafield ind1=" " ind2=" " tag="670"><subfield code="a">InU/Wing STC files</subfield><subfield code="b">(usage: L. Julii Flori ...)</subfield></datafield><datafield ind1=" " ind2=" " tag="670"><subfield code="a">Facchini Tosi, C. Il proemio di Floro, 1990.</subfield></datafield><datafield ind1=" " ind2=" " tag="670"><subfield code="a">Storia di Roma, 1998:</subfield><subfield code="b">t.p. (Anneo Floro)</subfield></datafield></record>